@article{Author:year:XYZ,
 author = {Name1, Firstname 1 and Name2, Firstname2},
 title = {A dummy title},
 journal = {A Fake Journal},
 issue_date = {June YYYY},
 volume = {1},
 number = {1},
 month = jun,
 year = {YYYY},
 issn = {0000-0000},
 pages = {000--000},
 numpages = {10},
},

@article{BiczokMJK14,
  author    = {Gergely Bicz{\'{o}}k and
               Santiago Diez Martinez and
               Thomas Jelle and
               John Krogstie},
  title     = {Navigating MazeMap: indoor human mobility, spatio-logical ties and
               future potential},
  journal   = {CoRR},
  volume    = {abs/1401.5297},
  year      = {2014},
  url       = {http://arxiv.org/abs/1401.5297},
  timestamp = {Sun, 02 Feb 2014 18:37:28 +0100},
  biburl    = {http://dblp.uni-trier.de/rec/bib/journals/corr/BiczokMJK14},
  bibsource = {dblp computer science bibliography, http://dblp.org}
},

@book{osterwalder2013business,
  title={Business model generation: a handbook for visionaries, game changers, and challengers},
  author={Osterwalder, Alexander and Pigneur, Yves},
  year={2013},
  publisher={John Wiley \& Sons}
},

@ONLINE {strategyzer2016,
    author = "Strategyzer",
    title  = "The Business  Model Canvas",
    month  = "jun",
    year   = "2016",
    url    = "http://www.businessmodelgeneration.com/canvas/bmc",
    note = "[Online; accessed 15-06-2016]"
},

@PHDTHESIS {alexanderosterwalder2004,
    author = "Alexander OSTERWALDER",
    title  = "THE BUSINESS MODEL ONTOLOGY - A PROPOSITION IN A DESIGN SCIENCE APPROACH",
    school = "UNIVERSITE DE LAUSANNE",
    year   = "2004",
    url    = "http://www.hec.unil.ch/aosterwa/PhD/Osterwalder_PhD_BM_Ontology.pdf"
},

@misc{google2016, 
    title={ Google Apps Script},
    url={https://www.google.com/script/start/}, 
    journal={Apps Script – Google Apps Script}, 
    author={Google},
    note = "[Online; accessed 15-06-2016]"
},

@article{jepson2009freemium,
  title={Freemium for large enterprises:--a case study at Swedish software development company Teleopti about development and application of the freemium business model on the market for large enterprises},
  author={Jepson, Anna and Lundin, Elin},
  year={2009}
},

@ONLINE {teleopti2016,
    author = "Teleopti",
    title  = "WFM Core Functionality",
    month  = "jun",
    year   = "2016",
    url    = "http://www.teleopti.com/content/images/wfmprocess/wfmillustration_total_600.png",
    urldate= "15-06-2016",
    note = "[Online; accessed 15-06-2016]"
},

@phdthesis{shankarananda2015empirical,
  title={Empirical study and business model analysis of successful freemium strategies in digital products},
  author={Shankarananda, Pronitha Mysore},
  year={2015},
  school={Massachusetts Institute of Technology}
},

@article{lamminpaa2014b2b,
  title={B2B SALES AND MARKETING PLAN FOR LIMECRAFT},
  author={Lamminp{\"a}{\"a}, Kalle},
  year={2014},
  publisher={Satakunnan ammattikorkeakoulu}
},

@ONLINE {davidskokN/A,
    author = "David Skok",
    title  = "How Sales Complexity impacts your Startup’s Viability",
    year   = "N/A",
    url    = "http://www.forentrepreneurs.com/sales-complexity/",
    note = "[Online; accessed 15-06-2016]"
},

@ONLINE {freemium.orgN/A,
    author = "Freemium.org",
    title  = "Box",
    year   = "N/A",
    url    = "http://www.freemium.org/box/",
    note   = "[Online; accessed 16-06-2016]"
},

@ONLINE {tientzuozuora2014,
    author = "Tien Tzuo, Zuora",
    title  = "These Numbers Show That Box CEO Aaron Levie Is A Genius",
    month  = "apr",
    year   = "2014",
    url    = "http://www.businessinsider.com/heres-why-boxs-aaron-levie-is-a-genius-2014-4?r=US\&IR=T\&IR=T",
    note   = "[Online; accessed 16-06-2016]"
},

@ONLINE {youtube2011,
    author = "YouTube",
    title  = "Aaron Levie - Why Freemium Works",
    month  = "jun",
    year   = "2011",
    url    = "https://www.youtube.com/watch?v=7hpi5nUhssY",
    note   = "[Online; accessed 16-06-2016]"
},

@ONLINE {derrickharris2010,
    author = "Derrick Harris",
    title  = "How Splunk Is Riding IT Search Toward an IPO",
    month  = "dec",
    year   = "2010",
    url    = "https://gigaom.com/2010/12/17/how-splunk-is-riding-it-search-toward-an-ipo/",
    note   = "[Online; accessed 16-06-2016]"
},

@ONLINE {splunkinc2016,
    author = "Splunk Inc.",
    title  = "Splunk Inc. Announces Fiscal Third Quarter 2016 Financial Results",
    year   = "2016",
    url    = "http://www.splunk.com/en_us/newsroom/press-releases/2015/splunk-inc-announces-fiscal-third-quarter-2016-financial-results.html",
    note   = "[Online; accessed 16-06-2016]"
},

@MISC {splunkinc20162,
    author       = "Splunk Inc.",
    title        = "Splunk Enterprise - Product Brief",
    howpublished = "https://www.splunk.com/pdfs/product-briefs/splunk-enterprise.pdf",
    year         = "2016",
    note   = "[Accessed 16-06-2016]"
},

@ONLINE {philiplay2014,
    author = "Philip Lay",
    title  = "How Splunk is Playing for Power in Big Data",
    month  = "oct",
    year   = "2014",
    url    = "http://www.philiplay.com/2014/10/how-splunk-is-playing-for-power-in-big-data/",
    note   = "[Online; accessed 16-06-2016]"
},

@ONLINE {europeancommision,
    author = "European Commision",
    title  = "Public Procurement",
    url    = "http://ec.europa.eu/growth/single-market/public-procurement/index_en.htm",
    note   = "[Online; accessed 19-06-2016]"
},

@ONLINE {procurement,
    title = "Procurement Law",
    year  = "2015",
    url   = "https://lovdata.no/dokument/NL/lov/1999-07-16-69",
    note  = "[Online; accessed 19-06-2016]"
},

@TECHREPORT {kristiantagesen2015,
    author      = "Kristian Tagesen",
    title       = "Will a free model that is successfully provenby start-ups like Skype, Waze andSnapchat work in a B2B\&C market?",
    institution = "NTNU",
    year        = "2015",
    month       = "dec"
},

@ONLINE {patriciajones,
    author = "Patricia Jones",
    title  = "Sales Pipeline Management - Expert Point of View",
    url    = "http://www.convergehub.com/blog/sales-pipeline-management-expert-point-view",
    note  = "[Online; accessed 19-06-2016]"
},


@ONLINE {mazemap,
    author = "MazeMap",
    title  = "Why MazeMap",
    url    = "https://www.mazemap.com/why-mazemap",
    note  = "[Online; accessed 19-06-2016]"
},


@MASTERSTHESIS {karlbernhoffbinde2015,
    author = "Karl Bernhoff Binde",
    title  = "International Business Potential for Analytics of Room Utilization",
    school = "NTNU",
    year   = "2015",
    month  = "jun"
},

@ONLINE {mazemaphosp,
    author = "MazeMap",
    title  = "Why MazeMap - Hospitals",
    url    = "https://www.mazemap.com/hospitals",
    note  = "[Online; accessed 20-06-2016]"
},

@ONLINE {ciscomarket,
    title = "Cisco Marketplace - Technical Solutions: MazeMap",
    month = "jun",
    year  = "2016",
    url   = "https://marketplace.cisco.com/catalog/companies/mazemap",
    note  = "[Online; accessed 20-06-2016]"
},

@book{keller2011strategic,
  title={Strategic brand management: Building, measuring, and managing brand equity},
  author={Keller, Kevin Lane and Parameswaran, MG and Jacob, Isaac},
  year={2011},
  publisher={Pearson Education India}
},

@ONLINE {ibeacon2016,
    author = "iBeacon",
    title  = "What is iBeacon? What are iBeacons?",
    month  = "jun",
    year   = "2016",
    url    = "http://www.ibeacon.com/what-is-ibeacon-a-guide-to-beacons/",
    note  = "[Online; accessed 21-06-2016]"
}.

@ONLINE {indooratlas2016,
    author = "IndoorAtlas",
    title  = "Making Indoor Worlds Discoverable",
    month  = "jun",
    year   = "2016",
    url    = "https://www.indooratlas.com/",
    note  = "[Online; accessed 21-06-2016]"
},


@ONLINE {indoo.rs2016,
    author = "Indoo.rs",
    title  = "Technology",
    month  = "jun",
    year   = "2016",
    url    = "http://indoo.rs/technology/",
    note  = "[Online; accessed 21-06-2016]"
},
