@article{Author:year:XYZ,
 author = {Name1, Firstname 1 and Name2, Firstname2},
 title = {A dummy title},
 journal = {A Fake Journal},
 issue_date = {June YYYY},
 volume = {1},
 number = {1},
 month = jun,
 year = {YYYY},
 issn = {0000-0000},
 pages = {000--000},
 numpages = {10},
},

@ARTICLE {BiczokMJK14,
  author    = {Gergely Bicz{\'{o}}k and
               Santiago Diez Martinez and
               Thomas Jelle and
               John Krogstie},
  title     = {Navigating MazeMap: indoor human mobility, spatio-logical ties and
               future potential},
  journal   = {CoRR},
  volume    = {abs/1401.5297},
  year      = {2014},
  url       = {http://arxiv.org/abs/1401.5297},
  timestamp = {Sun, 02 Feb 2014 18:37:28 +0100},
  biburl    = {http://dblp.uni-trier.de/rec/bib/journals/corr/BiczokMJK14},
  bibsource = {dblp computer science bibliography, http://dblp.org}
},

@BOOK {osterwalder2013business,
  title={Business model generation: a handbook for visionaries, game changers, and challengers},
  author={Osterwalder, Alexander and Pigneur, Yves},
  year={2013},
  publisher={John Wiley \& Sons}
},

@MISC {strategyzer2016,
    author = "Strategyzer",
    title  = "The Business  Model Canvas",
    month  = "jun",
    year   = "2016",
    url    = "http://www.businessmodelgeneration.com/canvas/bmc",
    howpublished = "\url{http://www.businessmodelgeneration.com/canvas/bmc}",
    note = "[Online; accessed 15-06-2016]"
},

@PHDTHESIS {alexanderosterwalder2004,
    author = "Alexander Osterwalder",
    title  = "The Business Model Ontology - A Proposition in a Design Science Approach",
    school = "Universite de Lausanne",
    year   = "2004",
    url    = "http://www.hec.unil.ch/aosterwa/PhD/Osterwalder_PhD_BM_Ontology.pdf"
},

@MISC {google2016, 
    title={ Google Apps Script},
    howpublished = "\url{https://www.google.com/script/start/}", 
    journal={Apps Script – Google Apps Script}, 
    author={Google},
    note = "[Online; accessed 15-06-2016]"
},

@MASTERSTHESIS {jepson2009freemium,
   author = {Jepson, Anna and Lundin, Elin},
   institution = {KTH, Machine Design (Dept.)},
   school = {KTH, Machine Design (Dept.)},
   title = {Freemium for large enterprises : – a case study at Swedish software development company Teleopti about development and application of the freemium business model on the market for large enterprises},
   series = {MMK 2009:38 MCE 176},
   year = {2009}
}

@MISC {teleopti2016,
    author = "Teleopti",
    title  = "WFM Core Functionality",
    month  = "jun",
    year   = "2016",
    howpublished = "\url{http://www.teleopti.com/content/images/wfmprocess/wfmillustration_total_600.png}",
    urldate= "15-06-2016",
    note = "[Online; accessed 15-06-2016]"
},

@PHDTHESIS {shankarananda2015empirical,
  title={Empirical study and business model analysis of successful freemium strategies in digital products},
  author={Shankarananda, Pronitha Mysore},
  year={2015},
  school={Massachusetts Institute of Technology}
},

@MASTERSTHESIS {lamminpaa2014b2b,
  title={B2B Sales and Marketing Plan for Limecraft},
  author={Lamminp{\"a}{\"a}, Kalle},
  year={2014},
  school={Satakunta University of Applied Sciences}
},

@MISC {davidskokN/A,
    author = "David Skok",
    title  = "How Sales Complexity impacts your Startup’s Viability",
    year   = "2010",
    howpublished = "\url{http://www.forentrepreneurs.com/sales-complexity/}",
    note = "[Online; accessed 15-06-2016]"
},

@MISC {freemium.orgN/A,
    author = "Freemium.org",
    title  = "Box",
    year   = "2016",
    howpublished = "\url{http://www.freemium.org/box/}",
    note   = "[Online; accessed 16-06-2016]"
},

@MISC {tientzuozuora2014,
    author = "Tien Tzuo, Zuora",
    title  = "These Numbers Show That Box CEO Aaron Levie Is A Genius",
    month  = "apr",
    year   = "2014",
    howpublished = "\url{http://www.businessinsider.com/heres-why-boxs-aaron-levie-is-a-genius-2014-4?r=US\&IR=T\&IR=T}",
    note   = "[Online; accessed 16-06-2016]"
},

@MISC {youtube2011,
    author = "YouTube",
    title  = "Aaron Levie - Why Freemium Works",
    month  = "jun",
    year   = "2011",
    howpublished = "\url{https://www.youtube.com/watch?v=7hpi5nUhssY}",
    note   = "[Online; accessed 16-06-2016]"
},

@MISC {derrickharris2010,
    author = "Derrick Harris",
    title  = "How Splunk Is Riding IT Search Toward an IPO",
    month  = "dec",
    year   = "2010",
    howpublished = "\url{https://gigaom.com/2010/12/17/how-splunk-is-riding-it-search-toward-an-ipo/}",
    note   = "[Online; accessed 16-06-2016]"
},

@MISC {splunkinc2016,
    author = "Splunk Inc.",
    title  = "Splunk Inc. Announces Fiscal Third Quarter 2016 Financial Results",
    year   = "2016",
    howpublished = "\url{http://www.splunk.com/en_us/newsroom/press-releases/2015/splunk-inc-announces-fiscal-third-quarter-2016-financial-results.html}",
    note   = "[Online; accessed 16-06-2016]"
},

@MISC {splunkinc20162,
    author       = "Splunk Inc.",
    title        = "Splunk Enterprise - Product Brief",
    howpublished = "\url{https://www.splunk.com/pdfs/product-briefs/splunk-enterprise.pdf}",
    year         = "2016",
    note   = "[Online; Accessed 16-06-2016]"
},

@MISC {philiplay2014,
    author = "Philip Lay",
    title  = "How Splunk is Playing for Power in Big Data",
    month  = "oct",
    year   = "2014",
    howpublished = "\url{http://www.philiplay.com/2014/10/how-splunk-is-playing-for-power-in-big-data/}",
    note   = "[Online; accessed 16-06-2016]"
},

@MISC {europeancommision,
    author = "European Commision",
    title  = "Public Procurement",
    howpublished = "\url{http://ec.europa.eu/growth/single-market/public-procurement/index_en.htm}",
    note   = "[Online; accessed 19-06-2016]"
},

@MISC {procurement,
    author= "Lovdata",
    title = "Norwegian Procurement Laws",
    year  = "2015",
    howpublished = "\url{https://lovdata.no/dokument/NL/lov/1999-07-16-69}",
    note  = "[Online; accessed 19-06-2016]"
},

@TECHREPORT {kristiantagesen2015,
    author      = "Kristian Tagesen",
    title       = "Will a free model that is successfully proven by start-ups like Skype, Waze and Snapchat work in a B2B\&C market?",
    institution = "NTNU",
    year        = "2015",
    month       = "dec"
},

@MISC {patriciajones,
    author = "Patricia Jones",
    title  = "Sales Pipeline Management - Expert Point of View",
    howpublished = "\url{http://www.convergehub.com/blog/sales-pipeline-management-expert-point-view}",
    note  = "[Online; accessed 19-06-2016]"
},


@MISC {mazemap,
    author = "MazeMap",
    title  = "Why MazeMap",
    howpublished = "\url{https://www.mazemap.com/why-mazemap}",
    note  = "[Online; accessed 19-06-2016]"
},


@MASTERSTHESIS {karlbernhoffbinde2015,
    author = "Karl Bernhoff Binde",
    title  = "International Business Potential for Analytics of Room Utilization",
    school = "NTNU",
    year   = "2015",
    month  = "jun"
},

@MISC {mazemaphosp,
    author = "MazeMap",
    title  = "Why MazeMap - Hospitals",
    howpublished = "\url{https://www.mazemap.com/hospitals}",
    note  = "[Online; accessed 20-06-2016]"
},

@MISC {ciscomarket,
    author= "Cisco Systems Inc.",
    title = "Cisco Marketplace - Technical Solutions: MazeMap",
    month = "jun",
    year  = "2016",
    howpublished = "\url{https://marketplace.cisco.com/catalog/companies/mazemap}",
    note  = "[Online; accessed 20-06-2016]"
},

@BOOK {keller2011strategic,
  title={Strategic brand management: Building, measuring, and managing brand equity},
  author={Keller, Kevin Lane and Parameswaran, MG and Jacob, Isaac},
  year={2011},
  publisher={Pearson Education India}
},

@MISC {ibeacon2016,
    author = "iBeacon",
    title  = "What is iBeacon? What are iBeacons?",
    month  = "jun",
    year   = "2016",
    howpublished = "\url{http://www.ibeacon.com/what-is-ibeacon-a-guide-to-beacons/}",
    note  = "[Online; accessed 21-06-2016]"
}.

@MISC {indooratlas2016,
    author = "IndoorAtlas",
    title  = "Making Indoor Worlds Discoverable",
    month  = "jun",
    year   = "2016",
    howpublished = "\url{https://www.indooratlas.com/}",
    note  = "[Online; accessed 21-06-2016]"
},


@MISC {indoo.rs2016,
    author = "Indoo.rs",
    title  = "Technology: Hybrid Localization – combining different approaches to deliver the best accuracy",
    month  = "jun",
    year   = "2016",
    howpublished = "\url{http://indoo.rs/technology/}",
    note  = "[Online; accessed 21-06-2016]"
},

@MISC {fredwilson20062,
    author = "Fred Wilson",
    title  = "The Freemium Business Model",
    month  = "mar",
    year   = "2006",
    howpublished = "\url{http://avc.com/2006/03/the_freemium_bu/}",
    note  = "[Online; accessed 21-06-2016]"
},

@MISC {katherineheires2007,
    author = "Katherine Heires",
    title  = "Why It Pays to Give Away the Store",
    month  = "mar",
    year   = "2007",
    howpublished = "\url{http://money.cnn.com/magazines/business2/business2_archive/2006/10/01/8387115/}",
    note  = "[Online; accessed 21-06-2016]"
},

@MISC {chrisanderson2008,
    author = "Chris Anderson",
    title  = "The three kinds of FREE",
    month  = "sep",
    year   = "2008",
    howpublished = "\url{http://www.longtail.com/the_long_tail/2008/09/the-three-kinds.html}",
    note  = "[Online; accessed 21-06-2016]"
},

@MISC {jonaskjellberg2014,
    author = "Jonas Kjellberg",
    title  = "Troublemaking Skype - Technoport 2014",
    month  = "may",
    year   = "2014",
    howpublished = "\url{https://www.youtube.com/watch?v=G3a2NX2kIb0}",
    note  = "[Online video; accessed 21-06-2016]"
},

@BOOK {selden1996,
 author = {Selden, Paul H.},
 title = {Sales Process Engineering: A Personal Workshop},
 year = {1996},
 isbn = {0873894189},
 publisher = {ASQ Quality Press},
},

@MISC {chrisanderson2012,
    author = "Chris Anderson",
    title  = "Finding a Freemium model that works for you",
    month  = "nov",
    year   = "2012",
    howpublished = "\url{http://www.longtail.com/the_long_tail/2008/11/finding-a-freem.html}",
    note  = "[Online; accessed 21-06-2016]"
},

@MISC {lifeofentrepeneur2015,
    author = "Life of Entrepeneur",
    title  = "Meaning of Cannibalization",
    month  = "aug",
    year   = "2015",
    howpublished = "\url{http://webcache.googleusercontent.com/search?q=cache:-0xB-sk2WuAJ:lifeofentrepreneur.net/tag/meaning-of-cannibalization/+\&cd=1\&hl=no\&ct=clnk\&gl=no}",
    note  = "[Online; accessed 21-06-2016]"
},

@MISC {microsoft2016,
    author = "Microsoft",
    title  = "BizSpark",
    month  = "jun",
    year   = "2016",
    howpublished = "\url{https://www.microsoft.com/bizspark/}",
    note  = "[Online; accessed 21-06-2016]"
},

@MISC {splunk2016,
    author = "Splunk",
    title  = "Splunk® Light",
    month  = "jun",
    year   = "2016",
    howpublished = "\url{http://www.splunk.com/en_us/products/splunk-light.html}",
    note  = "[Online; accessed 21-06-2016]"
},

@MISC {chrisanderson2008feb,
    author = "Chris Anderson",
    title  = "Free! Why \$0.00 Is the Future of Business",
    month  = "feb",
    year   = "2008",
    howpublished = "\url{http://www.wired.com/2008/02/ff-free/}",
    note  = "[Online; accessed 21-06-2016]"
},

@MISC {fredwilson20061,
    author = "Fred Wilson",
    title  = "My Favorite Business Model",
    month  = "may",
    year   = "2006",
    howpublished = "\url{http://avc.com/2006/03/my_favorite_bus/}",
    note  = "[Online; accessed 21-06-2016]"
},

@MISC {bogdanpopescu2008,
    author = "Bogdan Popescu",
    title  = "The Trial of Software",
    month  = "jul",
    year   = "2008",
    howpublished = "\url{http://www.avangate.com/avangate-resources/article/build-software-trial-versions.htm}",
    note  = "[Online; accessed 21-06-2016]"
},

@MISC {brucehadley2003,
    author = "Bruce Hadley",
    title  = "You need to get into the shareware business",
    month  = "aug",
    year   = "2003",
    howpublished = "\url{http://www.get-games.com/articles/articles/softwareCEO2.htm}",
    note  = "[Online; accessed 21-06-2016]"
},

@ARTICLE {jewels2001towards,
  title={Towards a definition of B2C \& B2B e-commerce},
  author={Jewels, Tony J and Timbrell, Greg T},
  journal={ACIS 2001 Proceedings},
  pages={56},
  year={2001}
},

@MISC {paulhaguenickhaguematthewharrison,
    author = "Paul Hague, Nick Hague and Matthew Harrison",
    title  = "B2B Marketing: What Makes It Special?",
    howpublished = "\url{https://www.b2binternational.com/publications/b2b-marketing/}",
    note  = "[Online; accessed 21-06-2016]"
},

@ARTICLE {Muzellec2015139,
    title = "Two-sided Internet platforms: A business model lifecycle perspective ",
    journal = "Industrial Marketing Management ",
    volume = "45",
    number = "",
    pages = "139 - 150",
    year = "2015",
    note = "",
    issn = "0019-8501",
    doi = "http://dx.doi.org/10.1016/j.indmarman.2015.02.012",
    howpublished = "\url{http://www.sciencedirect.com/science/article/pii/S0019850115000474}",
    author = "Laurent Muzellec and Sébastien Ronteau and Mary Lambkin",
},

@MISC {lucyjohnston2012,
    author = "Lucy Johnston",
    title  = "Missed appointments cost NHS £800m a year",
    month  = "jan",
    year   = "2012",
    howpublished = "\url{http://www.express.co.uk/news/uk/295726/Missed-appointments-cost-NHS-800m-a-year}",
    note  = "[Online; accessed 22-06-2016]"
},

@MISC {petterbergendal2014,
    author = "Petter Bergendal",
    title  = "Business Potential for Analytics of Data from Wi-Fi Networks",
    month  = "dec",
    year   = "2014",
    note   = "Semester project, NTNU"
},

@MASTERSTHESIS {christianhalvorsen2011,
    author = "Christian Halvorsen",
    title  = "Campusguiden",
    month  = "jul",
    year   = "2011",
    school = "NTNU",
    note   = "Master thesis, NTNU"
},

@MISC {billmartin2008,
    author = "Bill Martin",
    title  = "The Business Model Canvas",
    month  = "jul",
    year   = "2008",
    howpublished = "\url{http://nonlinearthinking.typepad.com/nonlinear_thinking/2008/07/the-business-model-canvas.html}",
    note  = "[Online; accessed 22-06-2016]"
},

@MISC {aleksandarjevtic2015,
    author = "Aleksandar Jevtic",
    title  = "15 Biggest Malls in the World",
    month  = "aug",
    year   = "2015",
    howpublished = "\url{http://www.insidermonkey.com/blog/15-biggest-malls-in-the-world-367683/}",
    note   = "[Online; accessed 22-06-2016]"
},

@BOOK {anderson2012evolution,
  title={Evolution of a retail streetscape: DP Architects on Orchard Road},
  author={Anderson, Collin and Frampton, Kenneth and Maki, Fumihiko},
  year={2012},
  publisher={Images Publishing}
},

@MISC {marysophia2015,
    author = "Mary Sophia",
    title  = "Dubai Mall Sees 80m Visitors in 2014",
    month  = "feb",
    year   = "2015",
    howpublished = "\url{http://gulfbusiness.com/dubai-mall-sees-80m-visitors-2014/#.VbO9s1Wqqqk}",
    note  = "[Online; accessed 22-06-2016]"
},

@MISC {itu2016,
    author = "ITU",
    title  = "Internet of Things Global Standards Initiative",
    month  = "jun",
    year   = "2016",
    howpublished = "\url{http://www.itu.int/en/ITU-T/gsi/iot/Pages/default.aspx}",
    note  = "[Online; accessed 22-06-2016]"
},

@BOOK {friess2013internet,
  title={Internet of things: converging technologies for smart environments and integrated ecosystems},
  author={Friess, Peter},
  year={2013},
  publisher={River Publishers}
},

@ARTICLE {hambraeus1978bacterial,
  title={Bacterial contamination in a modern operating suite, 2. Effect of a zoning system on contamination of floors and other surfaces},
  author={Hambraeus, A and Bengtsson, S and Laurell, G},
  journal={Journal of Hygiene},
  volume={80},
  number={01},
  pages={57--67},
  year={1978},
  publisher={Cambridge Univ Press}
}